
@article{bornigen_alterations_2017,
	title = {Alterations in oral bacterial communities are associated with risk factors for oral and oropharyngeal cancer},
	volume = {7},
	url = {https://www.ncbi.nlm.nih.gov/pmc/articles/PMC5732161/},
	doi = {10.1038/s41598-017-17795-z},
	abstract = {Oral squamous cell carcinomas are a major cause of morbidity and mortality, and tobacco usage, alcohol consumption, and poor oral hygiene are established risk factors. To date, no large-scale case-control studies have considered the effects of these risk ...},
	language = {en},
	urldate = {2019-01-18},
	journal = {Scientific Reports},
	author = {BÃ¶rnigen, Daniela and Ren, Boyu and Pickard, Robert and Li, Jingfeng and Ozer, Enver and Hartmann, Erica M. and Xiao, Weihong and Tickle, Timothy and Rider, Jennifer and Gevers, Dirk and Franzosa, Eric A. and Davey, Mary Ellen and Gillison, Maura L. and Huttenhower, Curtis},
	year = {2017},
	pmid = {29247187},
}
